@misc{MichalRaz-Chaimovich2018Bike-sharingGlobes,
    title = {{Bike-sharing service Mobike comes to Israel - Globes}},
    year = {2018},
    author = {{Michal Raz-Chaimovich}},
    url = {https://en.globes.co.il/en/article-bike-sharing-service-mobike-comes-to-israel-1001225350}
}

@misc{MichaelRaz-Chaimovich2018BirdGlobes,
    title = {{Bird e-scooters expands Israel operations to Ramat Gan - Globes}},
    year = {2018},
    author = {{Michael Raz-Chaimovich}},
    url = {https://en.globes.co.il/en/article-bird-escooters-expands-israel-operations-to-ramat-gan-1001259970}
}

@misc{ShoshannaSolomon2018BirdIsrael,
    title = {{Bird scooters make their way to Israel}},
    year = {2018},
    author = {{Shoshanna Solomon}},
    url = {https://www.timesofisrael.com/birds-scooters-make-their-way-to-israel-in-bid-to-relieve-traffic-congestion/}
}

@misc{Roy2017Bombardier1.9bn,
    title = {{Bombardier to deliver 300 Talent 3 trains in Austria for {\$}1.9bn}},
    year = {2017},
    author = {Roy, Lopamudra},
    url = {https://www.railway-technology.com/news/newsbombardier-to-deliver-300-talent-3-trains-in-austria-for-19bn-5707929/}
}

@misc{ROBERTBURACK2016BurghsShop,
    title = {{Burgh’s Eye View: How Pittsburgh Built an Agile Product Shop}},
    year = {2016},
    author = {{ROBERT BURACK}},
    url = {https://datasmart.ash.harvard.edu/news/article/burghs-eye-view-951}
}

@misc{NewsStaff2016ColumbusChallenge,
    title = {{Columbus Wins U.S. DOT's Smart City Challenge}},
    year = {2016},
    author = {{News Staff}},
    url = {http://www.govtech.com/fs/Columbus-Wins-US-DOTs-Smart-City-Challenge.html}
}

@misc{ACWRailwayCompanyCostsSiding,
    title = {{Costs of a Rail Siding}},
    author = {{ACW Railway Company}},
    url = {http://www.acwr.com/economic-development/railroads-101/rail-siding-costs}
}

@techreport{Ernst2018IsraelsIntelligent,
    title = {{Israel's automotive and smart mobility industry Electrified, autonomous and intelligent}},
    year = {2018},
    author = {Ernst, Christian-Simon}
}

@misc{TimesofIsrealIsraelsOpen,
    title = {{Israel's new international airport near Eilat to open}},
    author = {{Times of Isreal}},
    url = {https://www.timesofisrael.com/israels-new-international-airport-near-eilat-to-open-january-21/}
}

@misc{IsraeliAirportAuthorityIsraeliAirports,
    title = {{Israeli Airports}},
    author = {{Israeli Airport Authority}},
    url = {http://www.iaa.gov.il/en-US/airports/Pages/default.aspx}
}

@misc{OrenDoriandMeiravMoran2018IsraeliHaaretz.com,
    title = {{Israeli car-sharing venture's dramatic turnaround puts it on easy street - Business - Haaretz.com}},
    year = {2018},
    author = {{Oren Dori and Meirav Moran}},
    url = {https://www.haaretz.com/israel-news/business/car2go-s-dramatic-turnaround-puts-it-on-easy-street-1.5910654}
}

@misc{ROBERTSON2017KansasWebsite,
    title = {{Kansas City, Mo., Launches 'Smart City Open Access' Website}},
    year = {2017},
    author = {ROBERTSON, JOE},
    url = {http://www.govtech.com/dc/Kansas-City-Mo-Launches-Smart-City-Open-Access-Website.html}
}

@misc{LightRailProgressLightCar,
    title = {{Light rail schedule speed – faster than bus, competitive with car}},
    author = {{Light Rail Progress}},
    url = {https://www.lightrailnow.org/myths/m_lrt012.htm}
}

@misc{Gray2018ShenzhenNext,
    title = {{Shenzhen just made all its buses electric, and taxis are next}},
    year = {2018},
    author = {Gray, Alex},
    url = {https://www.weforum.org/agenda/2018/11/shenzhen-just-made-all-its-buses-electric-and-taxis-are-next/}
}

@misc{FERAN2017SiliconOhio,
    title = {{Silicon Valley Think Tank Assists Smart City Initiative in Columbus, Ohio}},
    year = {2017},
    author = {FERAN, TIM},
    url = {http://www.govtech.com/dc/articles/Silicon-Valley-Think-Tank-Assists-Smart-City-Initiative-in-Columbus-Ohio.html}
}

@misc{MargaretRouseSmartCity,
    title = {{Smart City}},
    author = {{Margaret Rouse}},
    url = {https://internetofthingsagenda.techtarget.com/definition/smart-city}
}

@misc{SmartChallenge,
    title = {{Smart city challenge}},
    url = {https://www.vulcan.com/areas-of-practice/philanthropy/key-initiatives/smart-city-challenge}
}

@misc{MetrailTheSystem,
    title = {{The world’s most advanced hybrid electric monorail system}},
    author = {{Metrail}},
    url = {http://www.metrail.com/}
}

@misc{Stern2016WazeMobility,
    title = {{Waze Partners With Local Governments to Enhance Mobility}},
    year = {2016},
    author = {Stern, Noah},
    url = {http://www.govtech.com/dc/articles/Waze-Partners-With-Local-Governments-to-Enhance-Mobility.html}
}

@misc{BrianZanghi2017WhyExamples,
    title = {{Why do cities get smarter? Learn from these smart city examples}},
    year = {2017},
    author = {{Brian Zanghi}},
    url = {https://internetofthingsagenda.techtarget.com/blog/IoT-Agenda/Why-do-cities-get-smarter-Learn-from-these-smart-city-examples}
}